<record xmlns='http://www.loc.gov/MARC21/slim'><leader>01309cem a2200325 a 4500</leader><controlfield tag='001'>4500324</controlfield><controlfield tag='005'>20170713143259.0</controlfield><controlfield tag='007'>aj canzn</controlfield><controlfield tag='008'>050425s1774    enki      a     0   eng  </controlfield><datafield ind1=' ' ind2=' ' tag='035'><subfield code='a'>4500324</subfield></datafield><datafield ind1=' ' ind2=' ' tag='040'><subfield code='a'>NjP</subfield><subfield code='c'>NjP</subfield></datafield><datafield ind1='1' ind2=' ' tag='100'><subfield code='a'>Dunn, Samuel,</subfield><subfield code='d'>-1794.</subfield></datafield><datafield ind1='1' ind2='2' tag='245'><subfield code='a'>A chart of the world, according to Mercator&apos;s projection</subfield><subfield code='h'>[map] :</subfield><subfield code='b'>wherein are shewn the latest discoveries /</subfield><subfield code='c'>by Samuel Dunn ...</subfield></datafield><datafield ind1=' ' ind2=' ' tag='255'><subfield code='a'>Scale not given.</subfield></datafield><datafield ind1=' ' ind2=' ' tag='260'><subfield code='a'>London :</subfield><subfield code='b'>Printed for Robt. Sayer ... ,</subfield><subfield code='c'>1774.</subfield></datafield><datafield ind1=' ' ind2=' ' tag='300'><subfield code='a'>1 map :</subfield><subfield code='b'>hand col. ;</subfield><subfield code='c'>30 x 40 cm.</subfield></datafield><datafield ind1=' ' ind2=' ' tag='500'><subfield code='a'>Relief shown pictorially.</subfield></datafield><datafield ind1=' ' ind2=' ' tag='500'><subfield code='a'>&quot;Printed for Robt. Sayer, No. 53 in Fleet Street, as the Act directs, 10 January 1774.&quot;</subfield></datafield><datafield ind1=' ' ind2=' ' tag='500'><subfield code='a'>Probably issued in his New atlas of the mundane system, published in 1774.</subfield></datafield><datafield ind1=' ' ind2=' ' tag='500'><subfield code='a'>In upper right corner: 2.</subfield></datafield><datafield ind1='4' ind2=' ' tag='510'><subfield code='a'>Tooley&apos;s dictionary of mapmakers</subfield><subfield code='c'>vol. 1, p. 399</subfield></datafield><datafield ind1=' ' ind2='0' tag='650'><subfield code='a'>World maps</subfield><subfield code='v'>Early works to 1800.</subfield></datafield><datafield ind1=' ' ind2='7' tag='655'><subfield code='a'>World maps</subfield><subfield code='y'>1774.</subfield><subfield code='2'>aat</subfield></datafield><datafield ind1='1' ind2=' ' tag='700'><subfield code='a'>Sayer, Robert,</subfield><subfield code='d'>1725-1794.</subfield></datafield><datafield ind1='1' ind2=' ' tag='700'><subfield code='a'>Dunn, Samuel,</subfield><subfield code='d'>d. 1794.</subfield><subfield code='t'>New atlas of the mundane system.</subfield></datafield><datafield ind1='4' ind2='1' tag='856'><subfield code='z'>See the map</subfield><subfield code='u'>http://arks.princeton.edu/ark:/88435/x633f267g</subfield></datafield><datafield ind1=' ' ind2=' ' tag='904'><subfield code='a'>gls</subfield><subfield code='b'>g</subfield><subfield code='h'>n</subfield><subfield code='c'>p</subfield><subfield code='e'>20050425</subfield></datafield><datafield ind1=' ' ind2=' ' tag='902'><subfield code='a'>gls</subfield><subfield code='b'>o</subfield><subfield code='6'>e</subfield><subfield code='7'>m</subfield><subfield code='d'>v</subfield><subfield code='f'>1</subfield><subfield code='e'>20050425</subfield></datafield><datafield ind1='8' ind2=' ' tag='852'><subfield code='0'>4752791</subfield><subfield code='b'>map</subfield><subfield code='h'>HMC01.38</subfield></datafield><datafield ind1='8' ind2=' ' tag='852'><subfield code='0'>7316327</subfield><subfield code='b'>elf1</subfield><subfield code='h'>Electronic Resource</subfield></datafield><datafield ind1=' ' ind2=' ' tag='959'><subfield code='a'>2005-04-25 12:11:49 -0400</subfield></datafield></record>